@book {AM10,
	AUTHOR = {Aguiar, Marcelo and Mahajan, Swapneel},
	TITLE = {Monoidal functors, species and {H}opf algebras},
	SERIES = {CRM Monograph Series},
	VOLUME = {29},
	NOTE = {With forewords by Kenneth Brown and Stephen Chase and Andr\'{e}
	Joyal},
	PUBLISHER = {American Mathematical Society, Providence, RI},
	YEAR = {2010},
	PAGES = {lii+784},
	ISBN = {978-0-8218-4776-3},
	MRCLASS = {18D10 (05A30 16T30)},
	MRNUMBER = {2724388},
	MRREVIEWER = {Volodymyr V. Lyubashenko},
	DOI = {10.1090/crmm/029},
	URL = {https://doi.org/10.1090/crmm/029},
}

@book {AR94,
	AUTHOR = {Ad\'{a}mek, Ji\v{r}\'{\i} and Rosick\'{y}, Ji\v{r}\'{\i}},
	TITLE = {Locally presentable and accessible categories},
	SERIES = {London Mathematical Society Lecture Note Series},
	VOLUME = {189},
	PUBLISHER = {Cambridge University Press, Cambridge},
	YEAR = {1994},
	PAGES = {xiv+316},
	ISBN = {0-521-42261-2},
	MRCLASS = {18Axx (18-02)},
	MRNUMBER = {1294136},
	MRREVIEWER = {J. R. Isbell},
	DOI = {10.1017/CBO9780511600579},
	URL = {https://doi.org/10.1017/CBO9780511600579},
}

@article {Be12,
	AUTHOR = {Bergman, George M.},
	TITLE = {On diagram-chasing in double complexes},
	JOURNAL = {Theory Appl. Categ.},
	FJOURNAL = {Theory and Applications of Categories},
	VOLUME = {26},
	YEAR = {2012},
	PAGES = {No. 3, 60--96},
	MRCLASS = {18G35 (18E10)},
	MRNUMBER = {2909639},
	MRREVIEWER = {Alex S. Dugas},
}

@Book{BLZ,
	title = {高等线性代数学},
	publisher = {北京: 高等教育出版社},
	year = {2014},
	author = {{白正简, 黎景辉, 周国晖}},
	isbn =  {978-7-04-041057-0}
}

@incollection {Boa99,
	AUTHOR = {Boardman, J. Michael},
	TITLE = {Conditionally convergent spectral sequences},
	BOOKTITLE = {Homotopy invariant algebraic structures ({B}altimore, {MD},
	1998)},
	SERIES = {Contemp. Math.},
	VOLUME = {239},
	PAGES = {49--84},
	PUBLISHER = {Amer. Math. Soc., Providence, RI},
	YEAR = {1999},
	MRCLASS = {55T05 (18A30 18G40)},
	MRNUMBER = {1718076},
	MRREVIEWER = {John McCleary},
	DOI = {10.1090/conm/239/03597},
	URL = {https://doi.org/10.1090/conm/239/03597},
}

@article {BN93,
	AUTHOR = {B\"{o}kstedt, Marcel and Neeman, Amnon},
	TITLE = {Homotopy limits in triangulated categories},
	JOURNAL = {Compositio Math.},
	FJOURNAL = {Compositio Mathematica},
	VOLUME = {86},
	YEAR = {1993},
	NUMBER = {2},
	PAGES = {209--234},
	ISSN = {0010-437X},
	MRCLASS = {18E30 (18E35)},
	MRNUMBER = {1214458},
	MRREVIEWER = {Jeremy Rickard},
	URL = {http://www.numdam.org/item?id=CM_1993__86_2_209_0},
}

@book {BouE,
	AUTHOR = {Bourbaki, N.},
	TITLE = {\'{E}l\'{e}ments de math\'{e}matique. {T}h\'{e}orie des ensembles},
	PUBLISHER = {Hermann, Paris},
	YEAR = {1970},
	PAGES = {349 pp.},
	MRCLASS = {04.00 (00.00)},
	MRNUMBER = {0276101},
}

@article {Bu10,
	AUTHOR = {B\"{u}hler, Theo},
	TITLE = {Exact categories},
	JOURNAL = {Expo. Math.},
	FJOURNAL = {Expositiones Mathematicae},
	VOLUME = {28},
	YEAR = {2010},
	NUMBER = {1},
	PAGES = {1--69},
	ISSN = {0723-0869},
	MRCLASS = {18E10 (18-02 18E30)},
	MRNUMBER = {2606234},
	MRREVIEWER = {Sunil K. Chebolu},
	DOI = {10.1016/j.exmath.2009.04.004},
	URL = {https://doi.org/10.1016/j.exmath.2009.04.004},
}

@book {CE56,
	AUTHOR = {Cartan, Henri and Eilenberg, Samuel},
	TITLE = {Homological algebra},
	PUBLISHER = {Princeton University Press, Princeton, N. J.},
	YEAR = {1956},
	PAGES = {xv+390},
	MRCLASS = {09.0X},
	MRNUMBER = {0077480},
	MRREVIEWER = {G. Hochschild},
}

@proceedings {CF67,
	TITLE = {Algebraic number theory},
	NOTE = {Second edition},
	BOOKTITLE = {Proceedings of an instructional conference organized by the
	{L}ondon {M}athematical {S}ociety (a {NATO} {A}dvanced {S}tudy
	{I}nstitute) with the support of the {I}nternational
	{M}athematical {U}nion},
	EDITOR = {Cassels, J. W. S. and Fr\"{o}hlich, A.},
	PUBLISHER = {London Mathematical Society, London},
	YEAR = {2010},
	PAGES = {xxiv + 366},
	ISBN = {978-0-95027-342-6},
	MRCLASS = {00B25 (11-06 11Rxx)},
	MRNUMBER = {3618860},
}

@incollection {Del90,
	AUTHOR = {Deligne, P.},
	TITLE = {Cat\'{e}gories tannakiennes},
	BOOKTITLE = {The {G}rothendieck {F}estschrift, {V}ol. {II}},
	SERIES = {Progr. Math.},
	VOLUME = {87},
	PAGES = {111--195},
	PUBLISHER = {Birkh\"{a}user Boston, Boston, MA},
	YEAR = {1990},
	MRCLASS = {14A99 (12H05 18A99)},
	MRNUMBER = {1106898},
	MRREVIEWER = {James Milne},
}

@article{Dou58,
	author = {Douady, Adrien},
	title = {La suite spectrale d'Adams : structure multiplicative},
	journal = {S\'eminaire Henri Cartan},
	note = {Expos{\'e} no.\ 19},
	publisher = {Secr\'etariat math\'ematique},
	volume = {11},
	number = {2},
	year = {1959},
	url = {www.numdam.org/item/SHC_1958-1959__11_2_A10_0/}
}

@ARTICLE{Dri03,
	author = {{Drinfeld}, Vladimir},
	title = {On the notion of geometric realization},
	journal = {arXiv Mathematics e-prints},
	keywords = {Mathematics - Category Theory, Mathematics - Algebraic Topology},
	year = {2003},
	eid = {math/0304064},
	pages = {math/0304064},
	archivePrefix = {arXiv},
	eprint = {math/0304064},
	primaryClass = {math.CT},
	adsurl = {https://ui.adsabs.harvard.edu/abs/2003math......4064D},
	adsnote = {Provided by the SAO/NASA Astrophysics Data System}
}

@article {Fr03,
	AUTHOR = {Freyd, Peter J.},
	TITLE = {Abelian categories},
	JOURNAL = {Repr. Theory Appl. Categ.},
	FJOURNAL = {Reprints in Theory and Applications of Categories},
	NUMBER = {3},
	YEAR = {2003},
	PAGES = {1--190},
	MRCLASS = {18B15 (01A75 18E10)},
	MRNUMBER = {2050440},
}

@Book{FL14,
	title = {拓扑群引论},
	publisher = {北京: 科学出版社},
	year = {2014},
	author = {{黎景辉, 冯绪宁}},
	note = {第二版},
	isbn = {978-7-03-039779-9}
}

@book {GU71,
	AUTHOR = {Gabriel, Peter and Ulmer, Friedrich},
	TITLE = {Lokal pr\"{a}sentierbare {K}ategorien},
	SERIES = {Lecture Notes in Mathematics, Vol. 221},
	PUBLISHER = {Springer-Verlag, Berlin-New York},
	YEAR = {1971},
	PAGES = {v+200},
	MRCLASS = {18AXX},
	MRNUMBER = {0327863},
	MRREVIEWER = {J. R. Isbell},
}

@book {GZ67,
	AUTHOR = {Gabriel, P. and Zisman, M.},
	TITLE = {Calculus of fractions and homotopy theory},
	SERIES = {Ergebnisse der Mathematik und ihrer Grenzgebiete, Band 35},
	PUBLISHER = {Springer-Verlag New York, Inc., New York},
	YEAR = {1967},
	PAGES = {x+168},
	MRCLASS = {55.40 (18.00)},
	MRNUMBER = {0210125},
	MRREVIEWER = {A. K. Bousfield},
}

@article {Gr57,
    AUTHOR = {Grothendieck, Alexander},
     TITLE = {Sur quelques points d'alg\`ebre homologique},
   JOURNAL = {T\^ohoku Math. J. (2)},
  FJOURNAL = {The Tohoku Mathematical Journal. Second Series},
    VOLUME = {9},
      YEAR = {1957},
     PAGES = {119--221},
      ISSN = {0040-8735},
   MRCLASS = {18.00},
  MRNUMBER = {0102537 (21 \#1328)},
MRREVIEWER = {D. Buchsbaum},
}

@book {Ha76,
	AUTHOR = {Hall, Jr., Marshall},
	TITLE = {The theory of groups},
	NOTE = {Reprinting of the 1968 edition},
	PUBLISHER = {Chelsea Publishing Co., New York},
	YEAR = {1976},
	PAGES = {xiii+434},
	MRCLASS = {20-02},
	MRNUMBER = {0414669},
}

@book {Har66,
	AUTHOR = {Hartshorne, Robin},
	TITLE = {Residues and duality},
	SERIES = {Lecture notes of a seminar on the work of A. Grothendieck,
	given at Harvard 1963/64. With an appendix by P. Deligne.
	Lecture Notes in Mathematics, No. 20},
	PUBLISHER = {Springer-Verlag, Berlin-New York},
	YEAR = {1966},
	PAGES = {vii+423},
	MRCLASS = {14.55},
	MRNUMBER = {0222093},
	MRREVIEWER = {R. L. Knighten},
}

@article {Ho56,
	AUTHOR = {Hochschild, G.},
	TITLE = {Relative homological algebra},
	JOURNAL = {Trans. Amer. Math. Soc.},
	FJOURNAL = {Transactions of the American Mathematical Society},
	VOLUME = {82},
	YEAR = {1956},
	PAGES = {246--269},
	ISSN = {0002-9947},
	MRCLASS = {18.0X},
	MRNUMBER = {80654},
	MRREVIEWER = {H. Cartan},
	DOI = {10.2307/1992988},
	URL = {https://doi.org/10.2307/1992988},
}

@article {HS53,
	AUTHOR = {Hochschild, G. and Serre, J.-P.},
	TITLE = {Cohomology of group extensions},
	JOURNAL = {Trans. Amer. Math. Soc.},
	FJOURNAL = {Transactions of the American Mathematical Society},
	VOLUME = {74},
	YEAR = {1953},
	PAGES = {110--134},
	ISSN = {0002-9947},
	MRCLASS = {20.0X},
	MRNUMBER = {52438},
	MRREVIEWER = {H. Cartan},
	DOI = {10.2307/1990851},
	URL = {https://doi.org/10.2307/1990851},
}

@article {Ja45,
    AUTHOR = {Jacobson, N.},
     TITLE = {The radical and semi-simplicity for arbitrary rings},
   JOURNAL = {Amer. J. Math.},
  FJOURNAL = {American Journal of Mathematics},
    VOLUME = {67},
      YEAR = {1945},
     PAGES = {300--320},
      ISSN = {0002-9327},
   MRCLASS = {09.1X},
  MRNUMBER = {0012271 (7,2f)},
MRREVIEWER = {C. Chevalley},
}

@article {Ja45-TAMS,
    AUTHOR = {Jacobson, N.},
     TITLE = {Structure theory of simple rings without finiteness
              assumptions},
   JOURNAL = {Trans. Amer. Math. Soc.},
  FJOURNAL = {Transactions of the American Mathematical Society},
    VOLUME = {57},
      YEAR = {1945},
     PAGES = {228--245},
      ISSN = {0002-9947},
   MRCLASS = {09.1X},
  MRNUMBER = {0011680 (6,200a)},
MRREVIEWER = {C. Chevalley},
}

@book {Je03,
    AUTHOR = {Jech, Thomas},
     TITLE = {Set theory},
    SERIES = {Springer Monographs in Mathematics},
      NOTE = {The third millennium edition, revised and expanded},
 PUBLISHER = {Springer-Verlag},
   ADDRESS = {Berlin},
      YEAR = {2003},
     PAGES = {xiv+769},
      ISBN = {3-540-44085-2},
   MRCLASS = {03Exx (03-01 03-02)},
  MRNUMBER = {1940513 (2004g:03071)},
MRREVIEWER = {Eva Coplakova},
}

@incollection {JS91,
	AUTHOR = {Joyal, Andr\'{e} and Street, Ross},
	TITLE = {An introduction to {T}annaka duality and quantum groups},
	BOOKTITLE = {Category theory ({C}omo, 1990)},
	SERIES = {Lecture Notes in Math.},
	VOLUME = {1488},
	PAGES = {413--492},
	PUBLISHER = {Springer, Berlin},
	YEAR = {1991},
	MRCLASS = {18D10 (16W30 17B37 22C05 22D35)},
	MRNUMBER = {1173027},
	MRREVIEWER = {David N. Yetter},
	DOI = {10.1007/BFb0084235},
	URL = {https://doi.org/10.1007/BFb0084235},
}

@article {Kel05,
	AUTHOR = {Kelly, G. M.},
	TITLE = {Basic concepts of enriched category theory},
	NOTE = {Reprint of the 1982 original [Cambridge Univ. Press,
	Cambridge; MR0651714]},
	JOURNAL = {Repr. Theory Appl. Categ.},
	FJOURNAL = {Reprints in Theory and Applications of Categories},
	NUMBER = {10},
	YEAR = {2005},
	PAGES = {vi+137},
	MRCLASS = {18-02 (00B60 18D10 18D20)},
	MRNUMBER = {2177301},
	URL = {http://www.tac.mta.ca/tac/reprints/articles/10/tr10.pdf}
}

@book {KS06,
    AUTHOR = {Kashiwara, Masaki and Schapira, Pierre},
     TITLE = {Categories and sheaves},
    SERIES = {Grundlehren der Mathematischen Wissenschaften},
    VOLUME = {332},
 PUBLISHER = {Springer-Verlag},
   ADDRESS = {Berlin},
      YEAR = {2006},
     PAGES = {x+497},
      ISBN = {978-3-540-27949-5},
   MRCLASS = {18-02 (14F05 18F20)},
  MRNUMBER = {2182076 (2006k:18001)},
MRREVIEWER = {Corrado Marastoni},
}

@article {Kr49,
	AUTHOR = {Kre\u{\i}n, M.},
	TITLE = {A principle of duality for bicompact groups and quadratic
	block algebras},
	JOURNAL = {Doklady Akad. Nauk SSSR (N.S.)},
	VOLUME = {69},
	YEAR = {1949},
	PAGES = {725--728},
	MRCLASS = {09.1X},
	MRNUMBER = {0033809},
	MRREVIEWER = {R. Godement},
}

@article {Kr15,
	AUTHOR = {Krause, Henning},
	TITLE = {Krull-{S}chmidt categories and projective covers},
	JOURNAL = {Expo. Math.},
	FJOURNAL = {Expositiones Mathematicae},
	VOLUME = {33},
	YEAR = {2015},
	NUMBER = {4},
	PAGES = {535--549},
	ISSN = {0723-0869},
	MRCLASS = {18E10 (16D70 16L30)},
	MRNUMBER = {3431480},
	MRREVIEWER = {Simion Sorin P. Breaz},
	DOI = {10.1016/j.exmath.2015.10.001},
	URL = {https://doi.org/10.1016/j.exmath.2015.10.001},
}

@article {Ku94,
	AUTHOR = {Kuhn, Nicholas J.},
	TITLE = {Generic representations of the finite general linear groups
	and the {S}teenrod algebra. {I}},
	JOURNAL = {Amer. J. Math.},
	FJOURNAL = {American Journal of Mathematics},
	VOLUME = {116},
	YEAR = {1994},
	NUMBER = {2},
	PAGES = {327--360},
	ISSN = {0002-9327},
	MRCLASS = {55S10 (20G05)},
	MRNUMBER = {1269607},
	MRREVIEWER = {Haynes R. Miller},
	DOI = {10.2307/2374932},
	URL = {https://doi.org/10.2307/2374932},
}

@book {Lam99,
	AUTHOR = {Lam, T. Y.},
	TITLE = {Lectures on modules and rings},
	SERIES = {Graduate Texts in Mathematics},
	VOLUME = {189},
	PUBLISHER = {Springer-Verlag, New York},
	YEAR = {1999},
	PAGES = {xxiv+557},
	ISBN = {0-387-98428-3},
	MRCLASS = {16-01},
	MRNUMBER = {1653294 (99i:16001)},
	MRREVIEWER = {Jonathan Golan},
	DOI = {10.1007/978-1-4612-0525-8},
	URL = {http://dx.doi.org/10.1007/978-1-4612-0525-8},
}

@Book{Lai19,
	title = {代数 K 理论},
	publisher = {北京: 科学出版社},
	year = {2019},
	author = {{黎景辉}},
	ISBN = {978-7-03-058102-0}
}

@Book{Li1,
	title = {代数学方法 （第一卷）},
	publisher = {北京: 高等教育出版社},
	year = {2019},
	series = {现代数学基础丛书},
	volume = {67.1},
	author = {{李文威}},
	isbn = {978-7-04-050725-6}
}

@book {Lo98,
	AUTHOR = {Loday, Jean-Louis},
	TITLE = {Cyclic homology},
	SERIES = {Grundlehren der Mathematischen Wissenschaften},
	VOLUME = {301},
	EDITION = {Second},
	NOTE = {Appendix E by Mar\'{\i}a O. Ronco,
	Chapter 13 by the author in collaboration with Teimuraz
	Pirashvili},
	PUBLISHER = {Springer-Verlag, Berlin},
	YEAR = {1998},
	PAGES = {xx+513},
	ISBN = {3-540-63074-0},
	MRCLASS = {16E40 (13D03 17B55 18G60 19D55)},
	MRNUMBER = {1600246},
	DOI = {10.1007/978-3-662-11389-9},
	URL = {https://doi.org/10.1007/978-3-662-11389-9},
}

@book {Lor21,
	AUTHOR = {Loregian, Fosco},
	TITLE = {({C}o)end calculus},
	SERIES = {London Mathematical Society Lecture Note Series},
	VOLUME = {468},
	PUBLISHER = {Cambridge University Press, Cambridge},
	YEAR = {2021},
	PAGES = {xxi+308},
	ISBN = {978-1-108-74612-0},
	MRCLASS = {18-02 (18A40 18D60 18D70 18M60)},
	MRNUMBER = {4274071},
	DOI = {10.1017/9781108778657},
	URL = {https://doi.org/10.1017/9781108778657},
}

@book {Lu09,
	AUTHOR = {Lurie, Jacob},
	TITLE = {Higher topos theory},
	SERIES = {Annals of Mathematics Studies},
	VOLUME = {170},
	PUBLISHER = {Princeton University Press, Princeton, NJ},
	YEAR = {2009},
	PAGES = {xviii+925},
	ISBN = {978-0-691-14049-0},
	MRCLASS = {18-02 (18B25 18E35 18G30 18G55 55U40)},
	MRNUMBER = {2522659},
	MRREVIEWER = {Mark Hovey},
	DOI = {10.1515/9781400830558},
	URL = {https://doi.org/10.1515/9781400830558},
}

@unpublished{LuHA,
	author = {Lurie, Jacob},
	title = {{Higher Algebra}},
	year = {2017},
	url = {https://www.math.ias.edu/~lurie/papers/HA.pdf}
}


@article {Ma07,
	AUTHOR = {Maltsiniotis, Georges},
	TITLE = {Le th\'{e}or\`eme de {Q}uillen, d'adjonction des foncteurs d\'{e}riv\'{e}s,
	revisit\'{e}},
	JOURNAL = {C. R. Math. Acad. Sci. Paris},
	FJOURNAL = {Comptes Rendus Math\'{e}matique. Acad\'{e}mie des Sciences. Paris},
	VOLUME = {344},
	YEAR = {2007},
	NUMBER = {9},
	PAGES = {549--552},
	ISSN = {1631-073X},
	MRCLASS = {18G50 (55U35)},
	MRNUMBER = {2323740},
	MRREVIEWER = {Paul G. Goerss},
	DOI = {10.1016/j.crma.2007.03.011},
	URL = {https://doi.org/10.1016/j.crma.2007.03.011},
}

@book {ML98,
    AUTHOR = {Mac Lane, Saunders},
     TITLE = {Categories for the working mathematician},
    SERIES = {Graduate Texts in Mathematics},
    VOLUME = {5},
   EDITION = {Second edition},
 PUBLISHER = {Springer-Verlag},
   ADDRESS = {New York},
      YEAR = {1998},
     PAGES = {xii+314},
      ISBN = {0-387-98403-8},
   MRCLASS = {18-02},
  MRNUMBER = {1712872 (2001j:18001)}
}

@incollection{Mu07,
	title = {Appendix - Abstract Duality Theory for Symmetric Tensor *-Categories},
	editor = {Jeremy Butterfield and John Earman},
	booktitle = {Philosophy of Physics},
	publisher = {North-Holland},
	address = {Amsterdam},
	pages = {865-922},
	year = {2007},
	series = {Handbook of the Philosophy of Science},
	issn = {18789846},
	doi = {https://doi.org/10.1016/B978-044451560-5/50018-X},
	url = {https://www.sciencedirect.com/science/article/pii/B978044451560550018X},
	author = {Michael Müger}
}

@article {Ni09,
	AUTHOR = {Nitsure, Nitin},
	TITLE = {Sign (di)lemma for dimension shifting},
	JOURNAL = {Proc. Indian Acad. Sci. Math. Sci.},
	FJOURNAL = {Indian Academy of Sciences. Proceedings. Mathematical
	Sciences},
	VOLUME = {119},
	YEAR = {2009},
	NUMBER = {2},
	PAGES = {179--186},
	ISSN = {0253-4142},
	MRCLASS = {18E30},
	MRNUMBER = {2526421},
	DOI = {10.1007/s12044-009-0018-z},
	URL = {https://doi.org/10.1007/s12044-009-0018-z},
}

@Book{Qiu11,
	title = {群表示论},
	publisher = {北京: 高等教育出版社},
	year = {2011},
	author = {{丘维声}},
	series = {现代数学基础丛书},
	ISBN = {978-7-04-032711-3}
}

@Book{Rie16,
	title = {Category theory in context},
	publisher = {Dover Publications},
	year = {2016},
	author = {Riehl, Emily},
	ISBN = {978-0486809038}
}

@article {Roo06,
	AUTHOR = {Roos, Jan-Erik},
	TITLE = {Derived functors of inverse limits revisited},
	JOURNAL = {J. London Math. Soc. (2)},
	FJOURNAL = {Journal of the London Mathematical Society. Second Series},
	VOLUME = {73},
	YEAR = {2006},
	NUMBER = {1},
	PAGES = {65--83},
	ISSN = {0024-6107},
	MRCLASS = {18A30 (18E10 18E15 55P65)},
	MRNUMBER = {2197371},
	MRREVIEWER = {R. H. Street},
	DOI = {10.1112/S0024610705022416},
	URL = {https://doi.org/10.1112/S0024610705022416},
}

@book {Sa72,
	AUTHOR = {Saavedra Rivano, Neantro},
	TITLE = {Cat\'{e}gories {T}annakiennes},
	SERIES = {Lecture Notes in Mathematics, Vol. 265},
	PUBLISHER = {Springer-Verlag, Berlin-New York},
	YEAR = {1972},
	PAGES = {ii+418},
	MRCLASS = {14L15 (18D10 20G05)},
	MRNUMBER = {0338002},
	MRREVIEWER = {P. Abellanas},
}

@article {Serp03,
	AUTHOR = {Serp\'{e}, C.},
	TITLE = {Resolution of unbounded complexes in {G}rothendieck
	categories},
	JOURNAL = {J. Pure Appl. Algebra},
	FJOURNAL = {Journal of Pure and Applied Algebra},
	VOLUME = {177},
	YEAR = {2003},
	NUMBER = {1},
	PAGES = {103--112},
	ISSN = {0022-4049},
	MRCLASS = {18E15 (18E25 18G20)},
	MRNUMBER = {1948842},
	MRREVIEWER = {Luca Barbieri Viale},
	DOI = {10.1016/S0022-4049(02)00075-0},
	URL = {https://doi.org/10.1016/S0022-4049(02)00075-0},
}

@article {Sw69,
	AUTHOR = {Swan, Richard G.},
	TITLE = {Groups of cohomological dimension one},
	JOURNAL = {J. Algebra},
	FJOURNAL = {Journal of Algebra},
	VOLUME = {12},
	YEAR = {1969},
	PAGES = {585--610},
	ISSN = {0021-8693},
	MRCLASS = {20.10},
	MRNUMBER = {240177},
	MRREVIEWER = {L. Neuwirth},
	DOI = {10.1016/0021-8693(69)90030-1},
	URL = {https://doi.org/10.1016/0021-8693(69)90030-1},
}

@book {SGA4-1,
	AUTHOR = {Grothendieck, Alexander},
     TITLE = {Th\'eorie des topos et cohomologie \'etale des sch\'emas.
              {T}ome 1: {T}h\'eorie des topos},
    SERIES = {Lecture Notes in Mathematics, Vol. 269},
      NOTE = {S{\'e}minaire de G{\'e}om{\'e}trie Alg{\'e}brique du
              Bois-Marie 1963--1964 (SGA 4),
              Dirig{\'e} par M. Artin, A. Grothendieck, et J. L. Verdier.
              Avec la collaboration de N. Bourbaki, P. Deligne et B.
              Saint-Donat},
 PUBLISHER = {Springer-Verlag},
   ADDRESS = {Berlin},
      YEAR = {1972},
     PAGES = {xix+525},
   MRCLASS = {14-06},
  MRNUMBER = {0354652 (50 \#7130)},
}

@book {SGA4-3,
	TITLE = {Th\'{e}orie des topos et cohomologie \'{e}tale des sch\'{e}mas. {T}ome 3},
	SERIES = {Lecture Notes in Mathematics, Vol. 305},
	NOTE = {S\'{e}minaire de G\'{e}om\'{e}trie Alg\'{e}brique du Bois-Marie 1963--1964
	(SGA 4),
	Dirig\'{e} par M. Artin, A. Grothendieck et J. L. Verdier. Avec la
	collaboration de P. Deligne et B. Saint-Donat},
	PUBLISHER = {Springer-Verlag, Berlin-New York},
	YEAR = {1973},
	PAGES = {vi+640},
	MRCLASS = {14-06},
	MRNUMBER = {0354654},
}

@article {Span63,
	AUTHOR = {Spanier, E.},
	TITLE = {Quasi-topologies},
	JOURNAL = {Duke Math. J.},
	FJOURNAL = {Duke Mathematical Journal},
	VOLUME = {30},
	YEAR = {1963},
	PAGES = {1--14},
	ISSN = {0012-7094},
	MRCLASS = {54.10},
	MRNUMBER = {144300},
	MRREVIEWER = {R. H. Fox},
	URL = {http://projecteuclid.org/euclid.dmj/1077374518},
}

@article {Spa88,
	AUTHOR = {Spaltenstein, N.},
	TITLE = {Resolutions of unbounded complexes},
	JOURNAL = {Compositio Math.},
	FJOURNAL = {Compositio Mathematica},
	VOLUME = {65},
	YEAR = {1988},
	NUMBER = {2},
	PAGES = {121--154},
	ISSN = {0010-437X},
	MRCLASS = {18E25 (32C35)},
	MRNUMBER = {932640},
	MRREVIEWER = {Michael M. Kapranov},
	URL = {http://www.numdam.org/item?id=CM_1988__65_2_121_0},
}

@Article{Ta38,
	Author = {Tadao {Tannaka}},
	Title = {{\"Uber den Dualit\"atssatz der nichtkommutativen topologischen Gruppen}},
	FJournal = {{Tohoku Mathematical Journal}},
	Journal = {{T\^ohoku Math. J.}},
	ISSN = {0040-8735},
	Volume = {45},
	Pages = {1--12},
	Year = {1938},
	Publisher = {Tohoku University, Sendai},
	Language = {German},
	Zbl = {0020.00904}
}

@article {We07,
    AUTHOR = {Wedderburn, J. H. MacLagan},
     TITLE = {On {H}ypercomplex {N}umbers},
   JOURNAL = {Proc. London Math. Soc.},
  FJOURNAL = {Proceedings of the London Mathematical Society},
    VOLUME = {S2-6},
    NUMBER = {1},
     PAGES = {77},
      ISSN = {0024-6115},
   MRCLASS = {Contributed Item},
  MRNUMBER = {1575142},
       DOI = {10.1112/plms/s2-6.1.77},
       URL = {http://dx.doi.org/10.1112/plms/s2-6.1.77},
      YEAR = {1907}
}

@book {Wei94,
	AUTHOR = {Weibel, Charles A.},
	TITLE = {An introduction to homological algebra},
	SERIES = {Cambridge Studies in Advanced Mathematics},
	VOLUME = {38},
	PUBLISHER = {Cambridge University Press, Cambridge},
	YEAR = {1994},
	PAGES = {xiv+450},
	ISBN = {0-521-43500-5; 0-521-55987-1},
	MRCLASS = {18-01 (16-01 17-01 20-01 55Uxx)},
	MRNUMBER = {1269324},
	MRREVIEWER = {Kenneth A. Brown},
	DOI = {10.1017/CBO9781139644136},
	URL = {https://doi.org/10.1017/CBO9781139644136},
}

@incollection {Wei99,
	AUTHOR = {Weibel, Charles A.},
	TITLE = {History of homological algebra},
	BOOKTITLE = {History of topology},
	PAGES = {797--836},
	PUBLISHER = {North-Holland, Amsterdam},
	YEAR = {1999},
	MRCLASS = {18-03 (01A55 01A60 18Gxx)},
	MRNUMBER = {1721123},
	MRREVIEWER = {Timothy Porter},
	DOI = {10.1016/B978-044482375-5/50029-8},
	URL = {https://doi.org/10.1016/B978-044482375-5/50029-8},
}

@book {Wi19,
	AUTHOR = {Witherspoon, Sarah J.},
	TITLE = {Hochschild cohomology for algebras},
	SERIES = {Graduate Studies in Mathematics},
	VOLUME = {204},
	PUBLISHER = {American Mathematical Society, Providence, RI},
	YEAR = {2019},
	PAGES = {xi+250},
	ISBN = {978-1-4704-4931-5},
	MRCLASS = {16E40 (16E05 16E30)},
	MRNUMBER = {3971234},
	MRREVIEWER = {Yang Han},
	DOI = {10.1090/gsm/204},
	URL = {https://doi.org/10.1090/gsm/204},
}

@Book{Xi16,
	title = {基础代数（第一卷）},
	publisher = {北京: 科学出版社},
	year = {2016},
	author = {{席南华}},
	isbn = {978-7-03-049843-4}
}

@Book{Xi18,
	title = {基础代数（第二卷）},
	publisher = {北京: 科学出版社},
	year = {2018},
	author = {{席南华}},
	isbn = {978-7-03-056033-9}
}

@Book{Xiong,
	title = {点集拓扑讲义},
	publisher = {北京: 高等教育出版社},
	year = {2011},
	author = {{熊金城}},
	note = {第四版}
}

@book {Yek20,
	AUTHOR = {Yekutieli, Amnon},
	TITLE = {Derived categories},
	SERIES = {Cambridge Studies in Advanced Mathematics},
	VOLUME = {183},
	PUBLISHER = {Cambridge University Press, Cambridge},
	YEAR = {2020},
	PAGES = {xi+607},
	ISBN = {978-1-108-41933-8},
	MRCLASS = {18-02 (13D09 16E35 18G80)},
	MRNUMBER = {3971537},
	MRREVIEWER = {Peder Thompson},
}

@Book{You,
	title = {基础拓扑学讲义},
	publisher = {北京: 北京大学出版社},
	year = {1997},
	author = {{尤承业}},
	isbn = {978-7-301-03103-2}
}

@Book{ZW,
	title = {基础代数学讲义},
	publisher = {北京: 高等教育出版社},
	year = {2018},
	author = {{章璞, 吴泉水}},
	series = {现代数学基础丛书},
	ISBN = {978-7-04-050724-9}
}

@Book{ZG,
	title = {英汉数学词汇（第二版）},
	publisher = {北京: 清华大学出版社},
	year = {2010},
	author = {{张鸿林, 葛显良}}
}

@misc{stacks,
	author       = {The {Stacks Project Authors}},
	title        = {\textit{Stacks Project}},
	howpublished = {\url{https://stacks.math.columbia.edu}},
	year         = {2020},
}
